@book{stuttard2011web,
	title={The Web Application Hacker's Handbook: Finding and Exploiting Security Flaws},
	author={Stuttard, Dafydd and Pinto, Marcus},
	year={2011},
	pages={398--399},
	publisher={John Wiley \& Sons}
}

@book{Beizer:1995:BTT:202699,
	author = {Beizer, Boris},
	title = {Black-box Testing: Techniques for Functional Testing of Software and Systems},
	year = {1995},
	isbn = {0-471-12094-4},
	publisher = {John Wiley \& Sons, Inc.},
	address = {New York, NY, USA},
} 

@inproceedings{kals2006secubat,
	title={Secubat: a web vulnerability scanner},
	author={Kals, Stefan and Kirda, Engin and Kruegel, Christopher and Jovanovic, Nenad},
	booktitle={Proceedings of the 15th international conference on World Wide Web},
	pages={247--256},
	year={2006},
	organization={ACM}
}

@article{zanero2005automatic,
  title={Automatic detection of web application security flaws},
  author={Zanero, Stefano and Carettoni, Luca and Zanchetta, Manuel},
  journal={Black Hat Briefings},
  year={2005}
}

@article{Terada2015,
	author = {Terada, Takeshi},
	title = {{SMTP Injection via recipient email addresses}},
	journal = {{MBSD White Paper}},
	year = {2015},
	month = {December}
}

@article{christey2007vulnerability,
	title={Vulnerability type distributions in CVE},
	author={Christey, Steve and Martin, Robert A},
	journal={Mitre report, May},
	year={2007}
}

@article{hodges2012http,
	title={Http strict transport security (hsts)},
	author={Hodges, Jeff and Jackson, Collin and Barth, Adam},
	journal={URL: http://tools. ietf. org/html/draft-ietf-websec-strict-transport-sec-04},
	year={2012}
}

@inproceedings{franklin2007inquiry,
  title={An inquiry into the nature and causes of the wealth of internet miscreants.},
  author={Franklin, Jason and Perrig, Adrian and Paxson, Vern and Savage, Stefan},
  booktitle={ACM conference on Computer and communications security},
  pages={375--388},
  year={2007}
}

@inproceedings{pietraszek2005defending,
  title={Defending against injection attacks through context-sensitive string evaluation},
  author={Pietraszek, Tadeusz and Berghe, Chris Vanden},
  booktitle={Recent Advances in Intrusion Detection},
  pages={124--145},
  year={2005},
  organization={Springer}
}


@inproceedings{payet13:ears-in-the-wild,
	author = 	 {Pierre Payet and Adam Doup\'e and Christopher Kruegel and Giovanni Vigna},
	title = 	 {{EARs in the Wild: Large-Scale Analysis of Execution After Redirect Vulnerabilities}},
	booktitle = {Proceedings of the ACM Symposium on Applied Computing (SAC)},
	year = 	 2013,
	address = 	 {Coimbra, Portugal},
	month = 	 {March}
}

@inproceedings{Doupe2011,
	author = {Doup{\'{e}}, Adam and Boe, Bryce and Kruegel, Christopher and Vigna, Giovanni},
	booktitle = {Computer and Communications Security (CCS)},
	doi = {10.1145/2046707.2046736},
	isbn = {9781450309486},
	keywords = {all part,execution after redirect,granted without fee,hard copies,permission make digital,personal classroom use,provided copies,static analysis,web applications,work},
	pages = {251--261},
	publisher = {ACM Press},
	series = {CCS '11},
	title = {{Fear the EAR : Discovering and Mitigating Execution After Redirect Vulnerabilities}},
	year = {2011}
}

@inproceedings {Doupe2012,
	author = {Adam Doup{\'e} and Ludovico Cavedon and Christopher Kruegel and Giovanni Vigna},
	title = {Enemy of the State: A State-Aware Black-Box Web Vulnerability Scanner},
	booktitle = {Presented as part of the 21st USENIX Security Symposium (USENIX Security 12)},
	year = {2012},
	isbn = {978-931971-95-9},
	address = {Bellevue, WA},
	pages = {523--538},
	url = {https://www.usenix.org/system/files/conference/usenixsecurity12/sec12-final225.pdf},
	publisher = {USENIX},
}

@incollection{Doupe2010,
	title={Why Johnny can't pentest: An analysis of black-box web vulnerability scanners},
	author={Doup{\'e}, Adam and Cova, Marco and Vigna, Giovanni},
	booktitle={Detection of Intrusions and Malware, and Vulnerability Assessment},
	pages={111--131},
	year={2010},
	publisher={Springer}
}

@inproceedings{Huang,
	author = {Huang, Yao-Wen and Huang, Shih-Kun and Lin, Tsung-Po and Tsai, Chung-Hung},
	title = {Web Application Security Assessment by Fault Injection and Behavior Monitoring},
	booktitle = {Proceedings of the 12th International Conference on World Wide Web},
	series = {WWW '03},
	year = {2003},
	isbn = {1-58113-680-3},
	location = {Budapest, Hungary},
	pages = {148--159},
	numpages = {12},
	url = {http://doi.acm.org/10.1145/775152.775174},
	doi = {10.1145/775152.775174},
	acmid = {775174},
	publisher = {ACM},
	address = {New York, NY, USA},
	keywords = {black-box testing, complete crawling, fault injection, security assessment, web application testing},
} 

@inproceedings{black-box, 
	author={J. Bau and E. Bursztein and D. Gupta and J. Mitchell}, 
	booktitle={Security and Privacy (SP), 2010 IEEE Symposium on}, 
	title={State of the Art: Automated Black-Box Web Application Vulnerability Testing}, 
	year={2010}, 
	pages={332-345}, 
	keywords={Automatic testing;Code standards;Computer hacking;Credit cards;Data security;Decision support systems;Forgery;Personnel;Privacy;Probes}, 
	doi={10.1109/SP.2010.27}, 
	ISSN={1081-6011}, 
	month={May}
}

@inproceedings{Injection1,
	author = {Jim, Trevor and Swamy, Nikhil and Hicks, Michael},
	title = {Defeating Script Injection Attacks with Browser-enforced Embedded Policies},
	booktitle = {Proceedings of the 16th International Conference on World Wide Web},
	series = {WWW '07},
	year = {2007},
	isbn = {978-1-59593-654-7},
	location = {Banff, Alberta, Canada},
	pages = {601--610},
	numpages = {10},
	url = {http://doi.acm.org/10.1145/1242572.1242654},
	doi = {10.1145/1242572.1242654},
	acmid = {1242654},
	publisher = {ACM},
	address = {New York, NY, USA},
	keywords = {cross-site scripting, script injection, web application security},
}

@inproceedings{sql0,
	title={A classification of SQL-injection attacks and countermeasures},
	author={Halfond, William G and Viegas, Jeremy and Orso, Alessandro},
	booktitle={Proceedings of the IEEE International Symposium on Secure Software Engineering},
	volume={1},
	pages={13--15},
	year={2006},
	organization={IEEE}
}

@inproceedings{sql1,
	title={SQLrand: Preventing SQL injection attacks},
	author={Boyd, Stephen W and Keromytis, Angelos D},
	booktitle={Applied Cryptography and Network Security},
	pages={292--302},
	year={2004},
	organization={Springer}
}

@inproceedings{sql2,
	title={A taxonomy of SQL injection detection and prevention techniques},
	author={Sadeghian, Alireza and Zamani, Mahdi and Manaf, Asrulnizam Abd},
	booktitle={Informatics and Creative Multimedia (ICICM), 2013 International Conference on},
	pages={53--56},
	year={2013},
	organization={IEEE}
}

@inproceedings{sessionride,
	title={RequestRodeo: Client side protection against session riding},
	author={Johns, Martin and Winter, Justus},
	booktitle={Proceedings of the OWASP Europe 2006 Conference},
	year={2006}
}

@inproceedings{captchas, 
	author={J. Yan and A. S. E. Ahmad}, 
	booktitle={Computer Security Applications Conference, 2007. ACSAC 2007. Twenty-Third Annual}, 
	title={Breaking Visual CAPTCHAs with Naive Pattern Recognition Algorithms}, 
	year={2007}, 
	pages={279-291}, 
	keywords={Internet;computer vision;learning (artificial intelligence);optical character recognition;Internet;computer vision;machine learning;malicious bot programs;naive pattern recognition;optical character recognition program;visual CAPTCHAs;Algorithm design and analysis;Character recognition;Computer errors;Computer vision;Internet;Machine learning algorithms;Optical character recognition software;Pattern recognition;Web services;Writing}, 
	doi={10.1109/ACSAC.2007.47}, 
	ISSN={1063-9527}, 
	month={Dec}
}

@article{captchas2,
	author = {von Ahn, Luis and Blum, Manuel and Langford, John},
	title = {Telling Humans and Computers Apart Automatically},
	journal = {Commun. ACM},
	issue_date = {February 2004},
	volume = {47},
	number = {2},
	month = feb,
	year = {2004},
	issn = {0001-0782},
	pages = {56--60},
	numpages = {5},
	url = {http://doi.acm.org/10.1145/966389.966390},
	doi = {10.1145/966389.966390},
	acmid = {966390},
	publisher = {ACM},
	address = {New York, NY, USA},
} 

@ARTICLE{captchas3, 
	author={C. Pope and Khushpreet Kaur}, 
	journal={IT Professional}, 
	title={Is it human or computer? Defending e-commerce with Captchas}, 
	year={2005}, 
	volume={7}, 
	number={2}, 
	pages={43-49}, 
	keywords={DP management;Turing machines;electronic commerce;security of data;unsolicited e-mail;Baffle Text;Bongo;Captcha;Gimpy;Pessimal Print;Pix;Turing test;e-commerce;security;spam;system administration;system management;Adaptive optics;Automatic testing;Character recognition;Degradation;Electronic commerce;Electronic mail;Humans;Libraries;Optical character recognition software;System testing;Baffle Text;Bongo;Captcha;Gimpy;Pessimal Print;Pix.;Turing test;e-commerce;security;spam;system administration;system management}, 
	doi={10.1109/MITP.2005.37}, 
	ISSN={1520-9202}, 
	month={Mar},}

@article{ShkapenyukTorstenSuel2001,
	author = {{Shkapenyuk Torsten Suel}, Vladislav},
	file = {::},
	title = {{Design and Implementation of a High-Performance Distributed Web Crawler}},
	year = {2001}
}

@inproceedings{captchas2, 
	author={G. Mori and J. Malik}, 
	booktitle={Computer Vision and Pattern Recognition, 2003. Proceedings. 2003 IEEE Computer Society Conference on}, 
	title={Recognizing objects in adversarial clutter: breaking a visual CAPTCHA}, 
	year={2003}, 
	volume={1}, 
	pages={I-134-I-141 vol.1}, 
	keywords={clutter;image matching;object recognition;optical character recognition;Completely Automated Public Turing test to Tell Computers and Humans Apart;EZ-Gimpy image;Gimpy image;Yahoo;adversarial clutter;computer program;dictionary;grade test generation;object recognition;shape context matching;visual CAPTCHA;word identification;word recognition;Artificial intelligence;Automatic testing;Computer science;Dictionaries;Humans;Internet;Layout;Object recognition;Postal services;Shape}, 
	doi={10.1109/CVPR.2003.1211347}, 
	ISSN={1063-6919}, 
	month={June}
}

% the first parameter is important, it is the key kinda :D
@misc{Injection, 
	key = {{Email Injection - Secure PHP Wiki}},
	year = 2010,
	url = {http://securephpwiki.com/index.php/Email Injection},
	urldate = {2016-02-27}
}

@misc{Injection2,
	author = {Mohamed, Ahmed},
	mendeley-groups = {Lit Survey},
	title = {{PHP Email Injection Example - InfoSec Resources}},
	url = {http://resources.infosecinstitute.com/email-injection/},
	urldate = {2016-02-27},
	year = {2013}
}

@misc{Tendencies2014,
	author = {Tendencies, Vexatious},
	mendeley-groups = {Lit Survey},
	title = {{WordPress Plugin Vulnerability Dump – Part 2 | Vexatious Tendencies}},
	url = {https://vexatioustendencies.com/wordpress-plugin-vulnerability-dump-part-2/},
	urldate = {2016-03-13},
	year = {2014}
}


@misc{DK,
	author = {Kohler, Damon},
	year = 2008,
	title = {{damonkohler.com: Email Injection}},
	url = {http://www.damonkohler.com/2008/12/email-injection.html},
	urldate = {2016-02-27}
}

@misc{ wiki:Phishing,
	author = "Phishing",
	title = "{Phishing} --- {W}ikipedia{,} The Free Encyclopedia",
	year = "2016",
	howpublished = {\url{http://en.wikipedia.org/w/index.php?title=Phishing&oldid=706223617}},
	note = "[Online; accessed 27-February-2016]"
}

@misc{wiki:Spoofing_attack,
	author = "Wikipedia",
	title = "{Spoofing attack} --- {W}ikipedia{,} The Free Encyclopedia",
	year = "2016",
	howpublished = {\url{http://en.wikipedia.org/w/index.php?title=Spoofing%20attack&oldid=711407565}},
	note = "[Online; accessed 23-April-2016]"
}

@misc{wiki:HTTP_headerinjection,
	author = "HTTP Header Injection",
	title = "{HTTP header injection} --- {W}ikipedia{,} The Free Encyclopedia",
	year = "2016",
	howpublished = {\url{http://en.wikipedia.org/w/index.php?title=HTTP%20header%20injection&oldid=713295668}},
	note = "[Online; accessed 18-April-2016]"
}

@misc{ wiki:Black-box_testing,
	author = "Wikipedia",
	title = "{Black-box testing} --- {W}ikipedia{,} The Free Encyclopedia",
	year = "2016",
	howpublished = {\url{http://en.wikipedia.org/w/index.php?title=Black-box%20testing&oldid=702083755}},
	note = "[Online; accessed 02-March-2016]"
}

@misc{ wiki:Newline,
	author = "Wikipedia",
	title = "{Newline} --- {W}ikipedia{,} The Free Encyclopedia",
	year = "2016",
	howpublished = {\url{http://en.wikipedia.org/w/index.php?title=Newline&oldid=704759213}},
	note = "[Online; accessed 05-March-2016]"
}
@misc{ wiki:Law_of_averages,
	author = "Wikipedia",
	title = "{Law of averages} --- {W}ikipedia{,} The Free Encyclopedia",
	year = "2016",
	howpublished = {\url{http://en.wikipedia.org/w/index.php?title=Law%20of%20averages&oldid=706716293}},
	note = "[Online; accessed 08-March-2016]"
}

@misc{ wiki:Law_of_large_numbers,
	author = "Wikipedia",
	title = "{Law of large numbers} --- {W}ikipedia{,} The Free Encyclopedia",
	year = "2016",
	howpublished = {\url{http://en.wikipedia.org/w/index.php?title=Law%20of%20large%20numbers&oldid=706596753}},
	note = "[Online; accessed 08-March-2016]"
}

@misc{wiki:Regression_toward_the_mean,
	author = "Wikipedia",
	title = "{Regression toward the mean} --- {W}ikipedia{,} The Free Encyclopedia",
	year = "2016",
	howpublished = {\url{http://en.wikipedia.org/w/index.php?title=Regression%20toward%20the%20mean&oldid=703369877}},
	note = "[Online; accessed 08-March-2016]"
}

@misc{wiki:RabbitMQ,
	author = "Wikipedia",
	title = "{RabbitMQ} --- {W}ikipedia{,} The Free Encyclopedia",
	year = "2016",
	howpublished = {\url{http://en.wikipedia.org/w/index.php?title=RabbitMQ&oldid=708777848}},
	note = "[Online; accessed 09-March-2016]"
}

@misc {OWASPT10,
	author = {OWASP},
	year = 2013,
	title = {{OWASP Top Ten Project}},
	url = {https://www.owasp.org/index.php/OWASP_Top_10}
}

@misc{KleinAmit,
	author = {Klein, Amit},
	title = {{[DOM Based Cross Site Scripting or XSS of the Third Kind] Web Security Articles - Web Application Security Consortium}},
	year = 2005,
	url = {http://www.webappsec.org/projects/articles/071105.shtml},
	urldate = {2016-02-28}
}

@misc{McGrath2009,
	author = {McGrath, Dan},
	title = {{HTTP requests optimization}},
	urldate = {2016-03-04},
	year = {2009}
}

@misc{InternetLiveStats2016,
	author = {{Internet Live Stats}},
	booktitle = {Internet Live Stats},
	title = {{Total Number of Websites}},
	urldate = {2016-04-09},
	year = {2016}
}

@misc{PyBug,
	author = {Murray, David},
	title = {{Email.header.Header too lax with embedded newlines}},
	year = 2009,
	url = {http://bugs.python.org/issue5871}
}

@misc{Tobozo,
	author = {Tobozo},
	keywords = {bug,css,deface,hack,hole,include,kiddie,mp3,patch,php,php-nuke,phpbb,script,securite,security,xoops,xss},
	title = {{Mail headers injections with PHP}},
	url = {http://www.phpsecure.info/v2/article/MailHeadersInject.en.php},
	urldate = {2016-02-28},
	year = {2004}
}

@misc{Pope,
	author = {Pope, Adam},
	title = {{Prevent Contact Form Spam Email Header Injection | Storm Consultancy – Web Design Bath}},
	url = {https://www.stormconsultancy.co.uk/blog/development/dev-tutorials/secure-your-contact-form-against-spam-email-header-injection/},
	urldate = {2016-02-29},
	year = {2008}
}

@misc{Herzog.2014,
	author = {Herzog, Alexandre},
	title = {{Full Disclosure: JavaMail SMTP Header Injection via method setSubject [CSNC-2014-001]}},
	url = {http://seclists.org/fulldisclosure/2014/May/81},
	urldate = {2016-02-27},
	year = {2014}
}

@misc{RubySec,
	author = {RubySec},
	title = {{Mail Gem for Ruby vulnerable to SMTP Injection via recipient email addresses}},
	url = {http://rubysec.com/advisories/OSVDB-131677/},
	urldate = {2015-12-09},
	year = {2015}
}

@misc{PyDocs,
	author = {Python},
	title = {email {-} An email and MIME handling package},
	url = {https://docs.python.org/2/library/email-examples.html},
	year = {2016}
}

@misc{PyDocs2,
	author = {Python},
	title = {{email.parser: Parsing email messages}},
	url =	{https://docs.python.org/2/library/email.parser.html},
	year = 2016
}

@misc{PyWiki,
	author = {Python},
	title = {{Python Global Interpreter Lock}},
	url =	{https://wiki.python.org/moin/GlobalInterpreterLock},
	year = 2016
}	


@misc{PHPDocs,
	author = {PHP-Manual},
	title = {{PHP mail - Send mail}},
	url = {http://php.net/manual/en/function.mail.php},
	year = {2016}
}

@misc{RubyDocs,
	author = {Ruby},
	title = {{Ruby mail - Net::SMTP}},
	url = {http://ruby-doc.org/stdlib-2.0.0/libdoc/net/smtp/rdoc/Net/SMTP.html},
	year = {2016}
}


@misc{Calin,
	author = {Calin, Bogdan},
	mendeley-groups = {Lit Survey},
	title = {{Email Header Injection Web Vulnerability - Acunetix}},
	url = {https://www.acunetix.com/blog/articles/email-header-injection-web-vulnerability-detection/},
	urldate = {2016-02-29},
	year = {2013}
}

@misc{Nicol,
	author = {Nicol, Jonathan},
	mendeley-groups = {Lit Survey},
	title = {{Securing PHP Contact Forms}},
	url = {http://jonathannicol.com/blog/2006/12/09/securing-php-contact-forms/},
	urldate = {2006-12-09},
	year = {2006}
}


@misc{W3techs,
	author = {W3techs},
	mendeley-groups = {Lit Survey},
	title = {{Usage Statistics and Market Share of PHP for Websites, February 2016}},
	url = {http://w3techs.com/technologies/details/pl-php/all/all},
	urldate = {2016-02-29},
	year = {2016}
}

@misc{Celery,
	author = {Celery},
	mendeley-groups = {Lit Survey},
	title = {{Celery Homepage}},
	url = {http://www.celeryproject.org/},
	urldate = {2016-03-09},
	year = {2016}
}

@misc{BestWebSoft2016,
	author = {BestWebSoft},
	mendeley-groups = {Lit Survey},
	title = {{Contact Form by BestWebSoft — WordPress Plugins}},
	url = {https://wordpress.org/plugins/contact-form-plugin/},
	urldate = {2016-03-14},
	year = {2016}
}

@misc{whois,
	url = {https://whois.icann.org/en},
	year = {2016},
	title = {{ICANN WHOIS Data}},
	author = {ICANN}
	}

@article{rfc822,
	author = {Resnick, Peter W.},
	title = {{Internet Message Format - RFC 2822}},
	url = {https://tools.ietf.org/html/rfc2822},
	year = {2001}
}

@article{rfc2142,
	author = {Crocker, D.},
	title = {{Internet Message Format - RFC 2142}},
	url = {https://www.ietf.org/rfc/rfc2142},
	year = {1997}
}

@article{rfc5322,
	author = {Resnick, Peter W.},
	mendeley-groups = {Lit Survey},
	title = {{Internet Message Format - RFC 5322}},
	url = {https://tools.ietf.org/html/rfc5322},
	year = {2008}
}

@article{rfc1738,
	author = {Berners-Lee, Tim and Masinter, Larry and McCahill, Mark},
	mendeley-groups = {Lit Survey},
	title = {{Internet Message Format - RFC 1738}},
	url = {https://www.ietf.org/rfc/rfc1738.txt},
	year = {2008}
}

